@book{бирюков2022информационная,
	title={Информационная безопасность: защита и нападение},
	author={Бирюков, Андрей},
	year={2022},
	publisher={Litres}
}
